<collection xmlns="http://www.loc.gov/MARC21/slim">
<record>
  <leader>01398nam0a2200241 i 450 </leader>
  <controlfield tag="001">IT\ICCU\CNCE\049703</controlfield>
  <controlfield tag="005">20130416000000.0</controlfield>
  <datafield tag="012" ind1=" " ind2=" ">
    <subfield code="a">e.iu s.2. miD. s.e. (C) 1563 (R)</subfield>
    <subfield code="2">fei</subfield>
  </datafield>
  <datafield tag="100" ind1=" " ind2=" ">
    <subfield code="a">19991115d1563        0itac0103    ba</subfield>
  </datafield>
  <datafield tag="101" ind1=" " ind2=" ">
    <subfield code="a">ITA</subfield>
  </datafield>
  <datafield tag="102" ind1=" " ind2=" ">
    <subfield code="a">IT</subfield>
  </datafield>
  <datafield tag="200" ind1="1" ind2=" ">
    <subfield code="a">Prouisioni, ordini, et decreti fatti per il commune et populo di Vrbino, confirmati dallo illustrissimo et eccellentissimo signore il signor Guido Ubaldo II, Feltrio dalla Rouere, duca d&apos;Urbino IIII etc. sopra il vestire de gli habitatori dellacitt ̉e contea d&apos;Urbino, &amp; muodo da osseruare nelli sponsalitii, parti, e tener morti, e sepelirli</subfield>
  </datafield>
  <datafield tag="210" ind1=" " ind2=" ">
    <subfield code="a">Stampati in Pesaro</subfield>
    <subfield code="d">1563</subfield>
  </datafield>
  <datafield tag="215" ind1=" " ind2=" ">
    <subfield code="a">\6! c.</subfield>
    <subfield code="d">4ʻ</subfield>
  </datafield>
  <datafield tag="300" ind1=" " ind2=" ">
    <subfield code="a">Stampata dagli eredi di Bartolomeo Cesano, cfr.: L. Moranti, Le cinquecentine della Biblioteca Universitaria di Urbino, III, n. 3473</subfield>
  </datafield>
  <datafield tag="620" ind1=" " ind2=" ">
    <subfield code="a">IT</subfield>
    <subfield code="d">Pesaro</subfield>
  </datafield>
  <datafield tag="710" ind1="0" ind2="2">
    <subfield code="a">Urbino</subfield>
    <subfield code="3">7027</subfield>
  </datafield>
  <datafield tag="702" ind1=" " ind2="1">
    <subfield code="a">Della_Rovere,</subfield>
    <subfield code="b">Guidobaldo</subfield>
    <subfield code="c"> &lt;duca d&apos;Urbino</subfield>
    <subfield code="c"> ; 2.&gt;</subfield>
    <subfield code="3">IT\ICCU\CNCA\014274</subfield>
  </datafield>
  <datafield tag="712" ind1="0" ind2="0">
    <subfield code="a">Cesano, Bartolomeo - eredi</subfield>
    <subfield code="3">IT\ICCU\CNCT\000642</subfield>
    <subfield code="4">650</subfield>
  </datafield>
  <datafield tag="790" ind1=" " ind2="1">
    <subfield code="a">Rovere,</subfield>
    <subfield code="b">Guidubaldo della</subfield>
    <subfield code="3">IT\ICCU\CNCA\025919</subfield>
    <subfield code="z">Della_Rovere, Guidobaldo &lt;duca d&apos;Urbino ; 2.&gt;</subfield>
  </datafield>
  <datafield tag="790" ind1=" " ind2="0">
    <subfield code="a">Guidubaldo</subfield>
    <subfield code="c"> : della#Rovere</subfield>
    <subfield code="3">IT\ICCU\CNCA\025920</subfield>
    <subfield code="z">Della_Rovere, Guidobaldo &lt;duca d&apos;Urbino ; 2.&gt;</subfield>
  </datafield>
  <datafield tag="801" ind1=" " ind2="3">
    <subfield code="a">IT</subfield>
    <subfield code="b">ICCU</subfield>
    <subfield code="c">20201115</subfield>
  </datafield>
  <datafield tag="899" ind1=" " ind2=" ">
    <subfield code="a">Biblioteca centrale dell&apos;Area umanistica dell&apos;Universit ̉degli studi di Urbino. Urbino</subfield>
    <subfield code="1">PU0206</subfield>
    <subfield code="2">URB AU</subfield>
  </datafield>
</record>
</collection>
